<?xml version="1.0" encoding="UTF-8"?><record xmlns="http://www.loc.gov/MARC21/slim" xmlns:cinclude="http://apache.org/cocoon/include/1.0" xmlns:zs="http://www.loc.gov/zing/srw/">
  <leader>00615cz  a2200157n  4500</leader>
  <controlfield tag="001">nr 91009595 </controlfield>
  <controlfield tag="003">DLC</controlfield>
  <controlfield tag="005">20130312101002.0</controlfield>
  <controlfield tag="008">910321n| azannaab           |a aaa     c</controlfield>
  <datafield tag="010" ind1=" " ind2=" ">
    <subfield code="a">nr 91009595 </subfield>
  </datafield>
  <datafield tag="040" ind1=" " ind2=" ">
    <subfield code="a">MWA</subfield>
    <subfield code="b">eng</subfield>
    <subfield code="e">rda</subfield>
    <subfield code="c">MWA</subfield>
    <subfield code="d">DLC</subfield>
  </datafield>
  <datafield tag="046" ind1=" " ind2=" ">
    <subfield code="g">1843</subfield>
  </datafield>
  <datafield tag="100" ind1="1" ind2=" ">
    <subfield code="a">Camron, James B.,</subfield>
    <subfield code="d">-1843</subfield>
  </datafield>
  <datafield tag="400" ind1="1" ind2=" ">
    <subfield code="w">nnea</subfield>
    <subfield code="a">Camron, James B.,</subfield>
    <subfield code="d">d. 1843</subfield>
  </datafield>
  <datafield tag="670" ind1=" " ind2=" ">
    <subfield code="a">Associate Reformed Presbyterian Church. Associate Reformed Synod of the West, 1825:</subfield>
    <subfield code="b">t.p. (James B. Camron; Hamilton, O. printer)</subfield>
  </datafield>
  <datafield tag="670" ind1=" " ind2=" ">
    <subfield code="a">MWA/NAIP files</subfield>
    <subfield code="b">(hdg.: Camron, James B., d. 1843; note: publisher at Hamilton and Rossville, O.; Butler County, O. auditor)</subfield>
  </datafield>
</record>